@article{townsend2006long,
  title={Long-term ecological change in British woodland. Lies, damn lies and statistics},
  author={Townsend, M},
  journal={ECOS-BRITISH ASSOCIATION OF NATURE CONSERVATIONISTS},
  volume={27},
  number={1},
  pages={90},
  year={2006},
  publisher={BANC}
}

@BOOK{measurements,
  TITLE={Whitebeams, Rowans and Service Trees of Britain and Ireland},
  AUTHOR={Rich, T., Houston, T., Robertonson, A., & Proctor, M.},
  YEAR={2010}, 
  PUBLISHER={BSBI},
}
