@article{ludwig2013,
  title={Breeding systems, hybridization and continuing in Avon Gorge Sorbus},
  author={Ludwig, S},
  journal={Anals of Botany},
  volume={111},
  number={4},
  pages={563-575},
  year={2013},
  publisher={Oxford academic}
}

@BOOK{measurements,
  title={Whitebeams, Rowans and Service Trees of Britain and Ireland},
  author={Rich, T. and Houston, T. and Robertonson, A. and Proctor M.},
  year={2010}, 
  publisher={BSBI},
}

@Manual{rpart,
  title = {Recursive partitioning and Regression Trees},
  author = {Therneau, T. and Atkinson, B. and Ripley, B},
  organization = {R foundation for statistical computing},
  address = {Vienna, Austria},
  year = {2018},
 }

@article{ismail,
  title={Standardization and its Effect on K-means Clustering Algorithm},
  author={Ismail,B.M.and Dauda,U.},
  journal={Research Journal of Applied Sciences Engineering and Technology},
  volume={6},
  number={17},
  pages={3299-3303},
  year={2013},
  publisher={Maxwell scientific}
}

@misc{NBN,
   author = {NBN},
   howpublished = {https://species.nbnatlas.org/search/?q=Sorbus&fq=},
   note = {Accessed: 2018-02-23},
   year = {2018}
}

@article{robertson,
  title={A Synopsis of Genera in Maloideae(Rosaceae)},
  author={Robertson, K.R. and Phipps, J.B. and Rohrer, J.R. and SMith, P.G.},
  journal={Research Journal of Applied Sciences Engineering and Technology},
  volume={16},
  number={2},
  pages={376-394},
  year={2016},
  publisher={American Society of Plant Taxonomists},
}

@BOOK{crib,
  title={Plant Crib},
  author={Rich, T. and Jermy, A.C.},
  year={1998}, 
  publisher={BSBI},
}

@BOOK{peters,
  title={Transactions on Rough Sets IV},
  author={Peters,J.F.},
  year={2005}, 
  publisher={Springer Science and Business Media},
}

@book{steinley,
  title={Standardizing Variables in K-means Clustering},
  editor={Banks D. and House L. and McMorris F.R. and Arabie P. and Gaul A.},
  booktitle={Classifiaction, Clustering and data Mining Applications},
  publisher={Springer Science and Business Media},
  year={2011},
 }

@article{raykov,
  title={What to do when K-means clustering fails: A simple yt principled alternative algorithm},
  author={Raykov Y.P. and Boukouvalal A. and Baig F. and Little M.A.},
  journal={PLoSONE},
  volume={11},
  number={9},
  pages={376-394},
  year={2016},
  howpublished={https://doi.org/10.137/journal.pone0162259},
}

@book{nisbet,
  title={Handbook on statistical Analysis and Data Mining Applications},
   author={Nisbet R. and Miner G. and Yale K.},
  publisher={Elsevier},
  year={2017},
 }


@Manual{caret,
  title = {Classification and regression training},
  author = {Kuhn M},
  organization = {R foundation for statistical computing},
  address = {Vienna, Austria},
  year = {2017},
 }

@Manual{R,
    title = {RStudio: Integrated Development Environment for R},
    author = {{RStudio Team}},
    organization = {RStudio, Inc.},
    address = {Boston, MA},
    year = {2016},
    howpublished = {http://www.rstudio.com/},
  }




